<?xml version="1.0" encoding="UTF-8"?><collection xmlns="http://www.loc.gov/MARC21/slim"><record><leader>00354nam--2200133-i-4500</leader><controlfield tag="001">000007700</controlfield><controlfield tag="002">20161230</controlfield><controlfield tag="005">20161230201027</controlfield><controlfield tag="008">060222s1000------------r-----000-0-eng-d</controlfield><datafield ind1=" " ind2=" " tag="080"><subfield code="a">681.14:517.1</subfield></datafield><datafield ind1=" " ind2=" " tag="100"><subfield code="a">Beerkeley, Edmund C</subfield></datafield><datafield ind1=" " ind2=" " tag="245"><subfield code="a">Simbolic logic and intelligent machines</subfield></datafield><datafield ind1=" " ind2=" " tag="260"><subfield code="a">New York, Reinhold Publ.Corp., 1961 V + 203 P</subfield></datafield><datafield ind1=" " ind2=" " tag="852"><subfield code="a">24443</subfield></datafield></record></collection>